<record><leader>00000cas a22000007a 4500</leader><controlfield tag="001">9618862</controlfield><controlfield tag="008">830617d18871887ksuwr ne      0    0eng d</controlfield><datafield ind1=" " ind2=" " tag="010"><subfield code="a">sn 83040236 </subfield></datafield><datafield ind1=" " ind2=" " tag="040"><subfield code="a">KSH</subfield><subfield code="b">eng</subfield><subfield code="c">KSH</subfield><subfield code="d">NPT</subfield><subfield code="d">OCLCQ</subfield></datafield><datafield ind1=" " ind2=" " tag="042"><subfield code="a">msc</subfield></datafield><datafield ind1=" " ind2=" " tag="043"><subfield code="a">n-us-ks</subfield></datafield><datafield ind1="0" ind2=" " tag="130"><subfield code="a">Kiowa herald (Kiowa, Kan. : 1887)</subfield></datafield><datafield ind1="1" ind2="4" tag="245"><subfield code="a">The Kiowa herald.</subfield></datafield><datafield ind1=" " ind2=" " tag="260"><subfield code="a">Kiowa, Kan. :</subfield><subfield code="b">Ludwick &amp; Hall,</subfield><subfield code="c">1887.</subfield></datafield><datafield ind1=" " ind2=" " tag="300"><subfield code="a">2 v. :</subfield><subfield code="b">ill. ;</subfield><subfield code="c">56 cm.</subfield></datafield><datafield ind1=" " ind2=" " tag="310"><subfield code="a">Weekly</subfield></datafield><datafield ind1="0" ind2=" " tag="362"><subfield code="a">Vol. 3, no. 41 (Mar. 24, 1887)-v. 4, no. 14 (Sept. 15, 1887).</subfield></datafield><datafield ind1=" " ind2=" " tag="752"><subfield code="a">United States</subfield><subfield code="b">Kansas</subfield><subfield code="c">Barber</subfield><subfield code="d">Kiowa.</subfield></datafield><datafield ind1="0" ind2="0" tag="780"><subfield code="t">Kiowa herald-ear</subfield><subfield code="w">(DLC)sn 83040233</subfield></datafield><datafield ind1="0" ind2="0" tag="785"><subfield code="t">Kiowa herald and the Barber County constitution</subfield><subfield code="w">(DLC)sn 83040234</subfield></datafield></record>